@article{appiahene2017design,
  author    = {P. Appiahene and C. Ninfaakang},
  title     = {Design and Implementation of Online-Learning Platform with a Large Class Size: Case Study at University of Energy and Natural Resources-Ghana},
  year      = {2017}
}

@article{emmanuel2022design,
  author    = {A. Emmanuel and G. Fafali},
  title     = {Design and Implementation of a Desktop-Based System to Enhance Teaching Using Screen Sharing Technology Through WLAN: A Case Study of GCTU},
  year      = {2022}
}

@article{oliwa2021process,
  author    = {R. Oliwa},
  title     = {The Process of Designing the Functionalities of an Online Learning Platform: A Case Study},
  year      = {2021}
}

@article{moodle2024review,
  title     = {Review of Moodle LMS},
  year      = {2024}
}

@article{kim2023better,
  author    = {S. Kim and J. Lee and S.-H. Yoon and H.-W. Kim},
  title     = {How can we achieve better e-Learning success in the new normal?},
  journal   = {Internet Research},
  volume    = {33},
  number    = {1},
  pages     = {410-441},
  year      = {2023},
  doi       = {10.1108/INTR-05-2021-0310},
  url       = {https://doi.org/10.1108/INTR-05-2021-0310}
}

@article{islam2015challenges,
  author    = {N. Islam and M. Beer and F. Slack},
  title     = {E-learning challenges faced by academics in higher education},
  journal   = {Journal of Education and Training Studies},
  volume    = {3},
  number    = {5},
  pages     = {102-112},
  year      = {2015},
  month     = {Sep},
  url       = {https://shura.shu.ac.uk/10403/}
}

@article{cetina2018udemy,
  author    = {Cetina and D. Goldbach and N. Manea},
  title     = {Udemy: A Case Study in Online Education and Training},
  year      = {2018}
}

@article{gyamfi2020stakeholders,
  author    = {Ernest Adu Gyamfi and Paul Kwadwo Addo and Anthony Adjapong},
  title     = {Stakeholdersâ€™ Perception of Quality in Distance Education and its Implications for Educational Administration in Ghana},
  journal   = {Ghana Journal of Higher Education},
  volume    = {6},
  year      = {2020},
  publisher = {IEEE}
}
