@misc{mongodb,
  author       = {{MongoDB}},
  title        = {MongoDB},
  year         = {n.d.},
  howpublished = {\url{https://www.mongodb.com}},
  note         = {Accessed: 2024-08-04}
}

@misc{mongodb_compass,
  author       = {{MongoDB}},
  title        = {MongoDB Compass},
  year         = {n.d.},
  howpublished = {\url{https://www.mongodb.com/products/compass}},
  note         = {Accessed: 2024-08-04}
}
