@misc{geeksforgeeks2024,
  author       = {GeeksforGeeks},
  title        = {Classification of Software Requirements â€“ Software Engineering},
  howpublished = {\url{https://www.geeksforgeeks.org/software-engineering-classification-of-software-requirements/}},
  year         = {2024},
  month        = {June 19},
  note         = {Accessed: 2024-08-04}
}
