@misc{byjus2024,
  author       = {Byju's},
  title        = {Definition of a Web Browser},
  year         = {2024},
  howpublished = {\url{https://byjus.com/govt-exams/web-browser/}},
  note         = {Accessed: 2024-08-04}
}


@book{schwaber2020scrum,
  title={The Scrum Guide: The Definitive Guide to Scrum: The Rules of the Game},
  author={Schwaber, Ken and Sutherland, Jeff},
  year={2020},
  publisher={Scrum.org},
  url={https://scrumguides.org/}
}

@misc{beck2001agile,
  title={Manifesto for Agile Software Development},
  author={Beck, Kent and Beedle, Mike and van Bennekum, Arie and Cockburn, Alistair and Cunningham, Ward and Fowler, Martin and Grenning, James and Highsmith, Jim and Hunt, Andrew and Jeffries, Ron and Kern, Jon and Marick, Brian and Martin, Robert C. and Mellor, Steve and Schwaber, Ken and Sutherland, Jeff and Thomas, Dave},
  year={2001},
  url={https://agilemanifesto.org/}
}

@misc{versionone2021state,
  title={14th Annual State of Agile Report},
  author={VersionOne},
  year={2021},
  url={https://stateofagile.com/}
}
@misc{beedle2001agile,
  title={Manifesto for Agile Software Development},
  author={Beck, Kent and Beedle, Mike and van Bennekum, Arie and Cockburn, Alistair and Cunningham, Ward and Fowler, Martin and Grenning, James and Highsmith, Jim and Hunt, Andrew and Jeffries, Ron and Kern, Jon and Marick, Brian and Martin, Robert C. and Mellor, Steve and Schwaber, Ken and Sutherland, Jeff and Thomas, Dave},
  year={2001},
  url={https://agilemanifesto.org/}
}

@misc{versionone2021state,
  title={14th Annual State of Agile Report},
  author={VersionOne},
  year={2021},
  url={https://stateofagile.com/}
}